<record><leader>00000cas a2200000 a 4500</leader><controlfield tag="001">70151299</controlfield><controlfield tag="006">m     o  d        </controlfield><controlfield tag="007">cr anu||||||||</controlfield><controlfield tag="008">060621d18761887pauwr nso     0    0eng c</controlfield><datafield ind1=" " ind2=" " tag="010"><subfield code="a">  2008266637</subfield></datafield><datafield ind1=" " ind2=" " tag="040"><subfield code="a">APSON</subfield><subfield code="b">eng</subfield><subfield code="c">APSON</subfield><subfield code="d">APSON</subfield><subfield code="d">GUA</subfield><subfield code="d">OCLCQ</subfield><subfield code="d">OCLCF</subfield></datafield><datafield ind1=" " ind2=" " tag="042"><subfield code="a">pcc</subfield></datafield><datafield ind1=" " ind2=" " tag="043"><subfield code="a">n-us---</subfield></datafield><datafield ind1="1" ind2="4" tag="050"><subfield code="a">BX9551</subfield></datafield><datafield ind1="0" ind2=" " tag="130"><subfield code="a">Messenger (Philadelphia, Pa. : Online)</subfield></datafield><datafield ind1="1" ind2="4" tag="245"><subfield code="a">The Messenger</subfield><subfield code="h">[electronic resource].</subfield></datafield><datafield ind1=" " ind2=" " tag="260"><subfield code="a">Philadelphia, Pa. :</subfield><subfield code="b">Publication Board of the Reformed Church in the United States,</subfield><subfield code="c">1876-</subfield></datafield><datafield ind1=" " ind2=" " tag="310"><subfield code="a">Weekly</subfield></datafield><datafield ind1="0" ind2=" " tag="362"><subfield code="a">Vol. 45, no. 1 (Jan. 5, 1876) = whole no. 2153-</subfield></datafield><datafield ind1="1" ind2=" " tag="362"><subfield code="a">Ceased with vol. 55, no. 52 (Dec. 28, 1887) = whole no. 2764.</subfield></datafield><datafield ind1=" " ind2=" " tag="500"><subfield code="a">Title from pdf caption (ProQuest APS Online, viewed July 30, 2008).</subfield></datafield><datafield ind1=" " ind2=" " tag="515"><subfield code="a">Omits v. 42-44, then continues the numbering of its predecessor.</subfield></datafield><datafield ind1=" " ind2=" " tag="525"><subfield code="a">Some issues have supplements.</subfield></datafield><datafield ind1=" " ind2=" " tag="530"><subfield code="a">Also issued in print and on microfilm.</subfield></datafield><datafield ind1=" " ind2=" " tag="538"><subfield code="a">Mode of access: World Wide Web.</subfield></datafield><datafield ind1=" " ind2=" " tag="588"><subfield code="a">Latest issue consulted: Vol. 47, no. 52 (Dec. 25, 1878) = whole no. 2308, viewed July 30, 2008.</subfield></datafield><datafield ind1="2" ind2="0" tag="610"><subfield code="a">Reformed Church in the United States</subfield><subfield code="v">Newspapers.</subfield></datafield><datafield ind1=" " ind2="7" tag="655"><subfield code="a">Newspapers.</subfield><subfield code="2">fast</subfield><subfield code="0">(OCoLC)fst01423814</subfield></datafield><datafield ind1="2" ind2="7" tag="610"><subfield code="a">Reformed Church in the United States.</subfield><subfield code="2">fast</subfield><subfield code="0">(OCoLC)fst00529476</subfield></datafield><datafield ind1="2" ind2=" " tag="710"><subfield code="a">Reformed Church in the United States.</subfield><subfield code="b">Publication Board.</subfield></datafield><datafield ind1="1" ind2=" " tag="776"><subfield code="t">Messenger (Philadelphia, Pa.)</subfield><subfield code="w">(DLC)sn 97016139</subfield><subfield code="w">(OCoLC)37649397</subfield></datafield><datafield ind1="0" ind2="0" tag="780"><subfield code="t">Reformed Church messenger (Philadelphia, Pa. : 1867 : Online)</subfield><subfield code="w">(DLC)  2008266636</subfield><subfield code="w">(OCoLC)70151200</subfield></datafield><datafield ind1="0" ind2="0" tag="785"><subfield code="t">Reformed Church messenger (Philadelphia, Pa. : 1888 : Online)</subfield><subfield code="w">(DLC)  2008266638</subfield><subfield code="w">(OCoLC)70151373</subfield></datafield><datafield ind1="4" ind2="0" tag="856"><subfield code="u">http://proquest.umi.com/pdqweb</subfield></datafield></record>